01ORD34145001B461353720002016020120160201AES6400491827832010389247          1HEr                                                                   Azagador de la Torre, 93                          46026 VALENCIA                                    VALENCIA                                ES                                                                                                                                                                                                                                                                                                                       
02SCT34145B46135372000                                                                                                                                                                                                                                                                                                                                                                                                                                                                                                                                                                                                  
03SCT3414500219894202F 01/02/2016               A                                  000000100003           JOSE MIGUEL PARDO CERRO                                               IMPRESOR MONFORT, 30-1                            46018 VALENCIA                                                                            ESPago Nómina FEBRERO - 2016                                                                                                                                                     SALASALA                                                                                                   
04SCT00000000000010000000000010000000003                                                                                                                                                                                                                                                                                                                                                                                                                                                                                                                                                                                
99ORD00000000000010000000000010000000005                                                                                                                                                                                                                                                                                                                                                                                                                                                                                                                                                                                
