<?xml version="1.0" encoding="UTF-8" standalone="yes"?>
<Document xmlns:xsi="http://www.w3.org/2001/XMLSchema-instance" xmlns="urn:iso:std:iso:20022:tech:xsd:pain.001.001.03">
<CstmrCdtTrfInitn>
   <GrpHdr>
      <MsgId>TRANPAG000000160201F20160201T180157</MsgId>
      <CreDtTm>2016-02-01T18:01:57</CreDtTm>
      <NbOfTxs>1</NbOfTxs>
      <CtrlSum>20.00</CtrlSum>
      <InitgPty>
         <Nm>HEr</Nm>
         <Id>
           <PrvtId>
               <Othr>
                  <Id>99099</Id>
               </Othr>
           </PrvtId>
         </Id>
      </InitgPty>
   </GrpHdr>
   <PmtInf>
      <PmtInfId>2016020118015799</PmtInfId>
      <PmtMtd>TRF</PmtMtd>
      <ReqdExctnDt>2016-02-01</ReqdExctnDt>
      <Dbtr>
         <Nm>HEr</Nm>
         <PstlAdr>
            <Ctry>ES</Ctry>
            <AdrLine>Azagador de la Torre, 93 46026 VALENCIA VALENCIA</AdrLine>
         </PstlAdr>
         <Id>
            <PrvtId>
               <Othr>
                  <Id>99099</Id>
               </Othr>
            </PrvtId>
         </Id>
    </Dbtr>
    <DbtrAcct>
       <Id>
          <IBAN>ES6400491827832010389247</IBAN>
       </Id>
       <Ccy>EUR</Ccy>
    </DbtrAcct>
    <DbtrAgt>
       <FinInstnId>
          <BIC>BSCHESMMXXX</BIC>
       </FinInstnId>
    </DbtrAgt>
   <CdtTrfTxInf>
      <PmtId>
         <EndToEndId>19894202F</EndToEndId>
      </PmtId>
      <PmtTpInf>
          <SvcLvl><Cd>SEPA</Cd></SvcLvl>
          <CtgyPurp><Cd>SALA</Cd></CtgyPurp>
       </PmtTpInf>
       <Amt>
          <InstdAmt Ccy="EUR">20</InstdAmt>
       </Amt>
       <CdtrAgt>
          <FinInstnId>
             <BIC>DEUTESBBXXX</BIC>
          </FinInstnId>
       </CdtrAgt>
       <Cdtr>
          <Nm>JOSE MIGUEL PARDO CERRO</Nm>
           <Id>
               <PrvtId>
                  <Othr>
                     <Id>19894202F</Id>
                  </Othr>
               </PrvtId>
           </Id>
        </Cdtr>
        <CdtrAcct>
           <Id>
              <IBAN>ES2200190001661234554321</IBAN>
           </Id>
        </CdtrAcct>
      <Purp>
         <Cd>SALA</Cd>
      </Purp>
      <RmtInf>
         <Ustrd>Transferencia</Ustrd>
      </RmtInf>
   </CdtTrfTxInf>
   </PmtInf>
</CstmrCdtTrfInitn></Document>
